<?xml version="1.0" encoding="UTF-8"?><collection><record><leader>06237ntm a2200553 a 4500</leader><controlfield tag="001">006769613</controlfield><controlfield tag="003">MiAaHDL</controlfield><controlfield tag="005">20190719000000.0</controlfield><controlfield tag="006">m        d        </controlfield><controlfield tag="007">cr bn ---auaua</controlfield><controlfield tag="008">090507s1479    xx            00| ||ara d</controlfield><datafield tag="035" ind1=" " ind2=" "><subfield code="a">(MiU)006769613</subfield></datafield><datafield tag="035" ind1=" " ind2=" "><subfield code="a">sdr-miu006769613</subfield></datafield><datafield tag="040" ind1=" " ind2=" "><subfield code="a">MiU</subfield><subfield code="c">MiU</subfield><subfield code="e">amremm</subfield></datafield><datafield tag="043" ind1=" " ind2=" "><subfield code="a">n-us-mi</subfield></datafield><datafield tag="100" ind1="1" ind2=" "><subfield code="6">880-01</subfield><subfield code="a">Qazwīnī, Jalāl al-Dīn Muḥammad ibn ʻAbd al-Raḥmān,</subfield><subfield code="d">1267 or 1268-1338.</subfield></datafield><datafield tag="245" ind1="1" ind2="0"><subfield code="6">880-03</subfield><subfield code="a">Talkhīṣ al-Miftāḥ,</subfield><subfield code="f">[884, i.e. 1479].</subfield></datafield><datafield tag="246" ind1="3" ind2=" "><subfield code="i">Title from inscription on 'title page' (p.3):</subfield><subfield code="a">كتاب التلخيص</subfield></datafield><datafield tag="246" ind1="3" ind2=" "><subfield code="i">Edge title (tail):</subfield><subfield code="a">تلخيص</subfield></datafield><datafield tag="260" ind1=" " ind2=" "><subfield code="c">[1479]</subfield></datafield><datafield tag="300" ind1=" " ind2=" "><subfield code="a">140 leaves :</subfield><subfield code="b">paper ;</subfield><subfield code="c">180 x 125 (115 x 80) mm.</subfield></datafield><datafield tag="500" ind1=" " ind2=" "><subfield code="a">Shelfmark: Ann Arbor, University of Michigan, Special Collections Library, Isl. Ms. 146</subfield></datafield><datafield tag="500" ind1=" " ind2=" "><subfield code="a">Origin: As appears in colophon on p.278, copied by Muḥammad ibn Aḥmad ibn ʻAlī al-Qārī al-Tibrīzī. Transcription completed final day of Muḥarram 884 [ca. 23 April 1479].</subfield></datafield><datafield tag="500" ind1=" " ind2=" "><subfield code="a">Former shelfmark: British Museum, London "No.107. Talkhis al-miftah."</subfield></datafield><datafield tag="500" ind1=" " ind2=" "><subfield code="a">Binding: Pasteboards covered in brown leather ; Type II binding (with flap) ; board linings in light orange laid paper ; upper and lower covers bear blind-stamped mandorla (red leather onlays) filled with vegetal decoration ; sewn in grey thread, four stations ; headband intact, tailband missing ; in fair condition with some abrasion and staining, foreedge flap detaching at lower cover, cover detaching at spine, etc.</subfield></datafield><datafield tag="500" ind1=" " ind2=" "><subfield code="a">Support: mainly non-European (Persian) laid paper with 9 laid lines per cm. (vertical) and sporadic chain lines, crisp and very well sized and burnished ; a second type (likely European laid) shows 15 laid lines per cm. (vertical) and 23 mm. between chain lines (horiztonal) ; tide-lines from water damage on edges of pages not effecting readability.</subfield></datafield><datafield tag="500" ind1=" " ind2=" "><subfield code="a">Decoration: Section headings, some glosses and corrections, and abbreviation symbols rubricated ; textual dividers in the form of inverted commas and hāʼ or numeral khamsah shape "۵" in red.</subfield></datafield><datafield tag="500" ind1=" " ind2=" "><subfield code="a">Script: Naskh ; mainly an elegant Eastern hand, with variation in line thickness ; partially seriffed with occasional rightward head-serif on joined alif and leftward head-serif on medial lām ; mainly open counters ; bowls of letters elongated ; descenders mainly tapered.</subfield></datafield><datafield tag="500" ind1=" " ind2=" "><subfield code="a">Layout: Written in 7 lines per page ; frame-ruled (impression of ruling-board clearly evident).</subfield></datafield><datafield tag="500" ind1=" " ind2=" "><subfield code="a">Collation: i, V+1 (11), IV (19), 2 V(39), IV (47), IV+2 (57), V (67), IV+1 (76), V (86), 2 IV+1 (104), V (114), 2 IV (130), V (140), i ; catchwords present ; pagination in pencil, Western numerals (supplied during digitization ; includes flyleaves and skips two pages between pp.55-56).</subfield></datafield><datafield tag="500" ind1=" " ind2=" "><subfield code="a">Colophon: "Scribal," rectangular, reads: "الحمد الله على التمام و الرسول افضل السلام تم الكتاب بعن الله و توفيقه على يدي اضعف عباد الله جرما و احقرهم جرما محمد بن علي القاري التبريزي غفر الله لهم ... في سلخ محرم الحرام لسنة اربع و ثمانين و ثمانمائة "</subfield></datafield><datafield tag="500" ind1=" " ind2=" "><subfield code="a">Explicit: "وهذا دعاء للبرية شامل و جميع فواتح السور و خواتمها و اردة على احسن الوجوه و اكملها يظهر ذلك بالتامل مع التذكر لما تقدم و الله الموفق للاختتام "</subfield></datafield><datafield tag="500" ind1=" " ind2=" "><subfield code="a">Incipit: "الحمد لله على ما انعم و علم من البيان ما لم نعلم و الصلاة على سيدنا محمد خير من نطق بالصواب ... اما بعد فلما كان علم البلاغة و توابعها من اجل العلوم قدرا و ادقها سرا ... و كان القسم الثالث من مفتاح العلوم الذي صنفه الفاضل العلامة ابو يوسف السكاكي رحمه الله اعظم ما صنف فيه من الكتب المشهورة نفعا ... الفت مختصرا يتضمن ما فيه من القواعد و يشتمل على ما يحتاج اليه من الامثلة و الشواهد ... و سميته تلخيص المفتاح و انا اسأل الله من فضله ان ينفع به كما نفع باصله انه ولي ذلك و هو حسبي و نعم الوكيل "</subfield></datafield><datafield tag="500" ind1=" " ind2=" "><subfield code="a">Title from opening on p.7.</subfield></datafield><datafield tag="500" ind1=" " ind2=" "><subfield code="a">Ms. codex.</subfield></datafield><datafield tag="510" ind1="4" ind2=" "><subfield code="a">Brockelmann, C. GAL,</subfield><subfield code="c">I 295</subfield></datafield><datafield tag="520" ind1="8" ind2=" "><subfield code="a">Fine copy of the abdrigment by al-Qazwīnī, Khaṭīb Dimashq, (d.1338) of the third part of Miftāḥ al-ʻulūm by Yūsuf ibn Abī Bakr al-Sakkākī (d. 626/1229) on rhetoric, ʻIlm al-maʻānī wa-al-bayān. Description provided mainly by Sarah Mirza.</subfield></datafield><datafield tag="538" ind1=" " ind2=" "><subfield code="a">Mode of access: Internet.</subfield></datafield><datafield tag="541" ind1=" " ind2=" "><subfield code="c">Purchase ;</subfield><subfield code="a">Acquired by purchase (funds donated by Horace Rackham).</subfield><subfield code="d">1924.</subfield></datafield><datafield tag="546" ind1=" " ind2=" "><subfield code="a">Arabic.</subfield></datafield><datafield tag="561" ind1=" " ind2=" "><subfield code="a">Bookplate of British Museum, London on interior of upper cover, "British Museum, London. No.107. Talkhis al-miftah." ; circular seal impression with figure of goat/gazelle in purple ink as well as inscription "434" in Western numerals on front flyleaf (p.1) ; ownership statement in red ink on 'title page' (p.3) reads : "بو دخى خالد افندى زاده كتابلر ... در ٢٥ ذي القعده سنه ١۲۲۰ [؟]" ; faint circular seal impression in black ink also on 'title page' (p.3) ; numerous marginal and interlinear glosses ; occasional corrections.</subfield></datafield><datafield tag="600" ind1="1" ind2="0"><subfield code="a">Sakkākī, Yūsuf ibn Abī Bakr,</subfield><subfield code="d">1160-.</subfield><subfield code="t">Miftāḥ al-ʻulūm.</subfield><subfield code="n">Qism 3.</subfield></datafield><datafield tag="650" ind1=" " ind2="0"><subfield code="a">Manuscripts, Arabic</subfield><subfield code="z">Michigan</subfield><subfield code="z">Ann Arbor.</subfield></datafield><datafield tag="650" ind1=" " ind2="0"><subfield code="a">Arabic language</subfield><subfield code="x">Rhetoric</subfield><subfield code="v">Early works to 1800.</subfield></datafield><datafield tag="700" ind1="0" ind2=" "><subfield code="6">880-05</subfield><subfield code="a">Muḥammad ibn Aḥmad ibn ʻAlī al-Qārī al-Tibrīzī,</subfield><subfield code="d">fl. 1479,</subfield><subfield code="e">scribe.</subfield></datafield><datafield tag="773" ind1="0" ind2=" "><subfield code="a">Tiflis Collection.</subfield></datafield><datafield tag="880" ind1="0" ind2=" "><subfield code="6">700-05/</subfield><subfield code="a">محمد بن احمد بن علي القاري التبريزي،</subfield><subfield code="e">ناسخ.</subfield></datafield><datafield tag="880" ind1="1" ind2="0"><subfield code="6">245-03/</subfield><subfield code="a">تلخيص المفتاح,</subfield><subfield code="f">[884ه, 1479م].</subfield></datafield><datafield tag="880" ind1="1" ind2=" "><subfield code="6">100-01/</subfield><subfield code="a">قزويني، جلال الدين محمد بن عبد الرحمن.</subfield></datafield><datafield tag="CID" ind1=" " ind2=" "><subfield code="a">006769613</subfield></datafield><datafield tag="DAT" ind1="0" ind2=" "><subfield code="a">20190719102635.0</subfield><subfield code="b">20190719000000.0</subfield></datafield><datafield tag="DAT" ind1="1" ind2=" "><subfield code="a">20190719090653.0</subfield><subfield code="b">2019-07-19T16:10:55Z</subfield></datafield><datafield tag="DAT" ind1="2" ind2=" "><subfield code="a">2015-10-02T18:00:03Z</subfield></datafield><datafield tag="CAT" ind1=" " ind2=" "><subfield code="a">SDR-MIU</subfield><subfield code="d">EX LIBRIS - ALEPH</subfield><subfield code="l">prepare.pl-004-008</subfield></datafield><datafield tag="FMT" ind1=" " ind2=" "><subfield code="a">BK</subfield></datafield><datafield tag="HOL" ind1=" " ind2=" "><subfield code="0">sdr-miu006769613</subfield><subfield code="a">MiU</subfield><subfield code="b">SDR</subfield><subfield code="c">MIU</subfield><subfield code="p">mdp.39015079125954</subfield><subfield code="s">MIU</subfield><subfield code="1">006769613</subfield></datafield><datafield tag="974" ind1=" " ind2=" "><subfield code="b">MIU</subfield><subfield code="c">MIU</subfield><subfield code="d">20190719</subfield><subfield code="s">lit-dlps-dc</subfield><subfield code="u">mdp.39015079125954</subfield><subfield code="y">1479</subfield><subfield code="r">pd</subfield><subfield code="q">bib</subfield><subfield code="t">non-US bib date1 &lt; 1879</subfield></datafield></record></collection>